%% Journal article

@inproceedings{yang2011finding,
  title={Finding and understanding bugs in C compilers},
  author={Yang, Xuejun and Chen, Yang and Eide, Eric and Regehr, John},
  booktitle={Proceedings of the 32nd ACM SIGPLAN conference on Programming language design and implementation},
  pages={283--294},
  year={2011}
}

@article{fursin2021collective,
  title={Collective knowledge: organizing research projects as a database of reusable components and portable workflows with common interfaces},
  author={Fursin, Grigori},
  journal={Philosophical Transactions of the Royal Society A},
  volume={379},
  number={2197},
  pages={20200211},
  year={2021},
  publisher={The Royal Society Publishing}
}


@inproceedings{haj2020neurovectorizer,
  title={Neurovectorizer: End-to-end vectorization with deep reinforcement learning},
  author={Haj-Ali, Ameer and Ahmed, Nesreen K and Willke, Ted and Shao, Yakun Sophia and Asanovic, Krste and Stoica, Ion},
  booktitle={Proceedings of the 18th ACM/IEEE International Symposium on Code Generation and Optimization},
  pages={242--255},
  year={2020}
}

@inproceedings{zheng2020flextensor,
  title={Flextensor: An automatic schedule exploration and optimization framework for tensor computation on heterogeneous system},
  author={Zheng, Size and Liang, Yun and Wang, Shuo and Chen, Renze and Sheng, Kaiwen},
  booktitle={Proceedings of the Twenty-Fifth International Conference on Architectural Support for Programming Languages and Operating Systems},
  pages={859--873},
  year={2020}
}

@inproceedings{cummins2017end,
  title={End-to-end deep learning of optimization heuristics},
  author={Cummins, Chris and Petoumenos, Pavlos and Wang, Zheng and Leather, Hugh},
  booktitle={2017 26th International Conference on Parallel Architectures and Compilation Techniques (PACT)},
  pages={219--232},
  year={2017},
  organization={IEEE}
}

@inproceedings{guo2010auto,
  title={Auto-tuning cuda parameters for sparse matrix-vector multiplication on gpus},
  author={Guo, Ping and Wang, Liqiang},
  booktitle={2010 International Conference on Computational and Information Sciences},
  pages={1154--1157},
  year={2010},
  organization={IEEE}
}

@inproceedings{nukada2009auto,
  title={Auto-tuning 3-D FFT library for CUDA GPUs},
  author={Nukada, Akira and Matsuoka, Satoshi},
  booktitle={Proceedings of the Conference on High Performance Computing Networking, Storage and Analysis},
  pages={1--10},
  year={2009},
  organization={IEEE}
}

@inproceedings{song2014designing,
  title={Designing and auto-tuning parallel 3-D FFT for computation-communication overlap},
  author={Song, Sukhyun and Hollingsworth, Jeffrey K},
  booktitle={Proceedings of the 19th ACM SIGPLAN symposium on Principles and practice of parallel programming},
  pages={181--192},
  year={2014}
}

@article{ashouri2012design,
  title={Design space exploration methodology for compiler parameters in VLIW processors},
  author={Ashouri, Amir Hossein},
  year={2012},
  publisher={Italy}
}

@article{fang2015practical,
  title={Practical iterative optimization for the data center},
  author={Fang, Shuangde and Xu, Wenwen and Chen, Yang and Eeckhout, Lieven and Temam, Olivier and Chen, Yunji and Wu, Chengyong and Feng, Xiaobing},
  journal={ACM Transactions on Architecture and Code Optimization (TACO)},
  volume={12},
  number={2},
  pages={1--26},
  year={2015},
  publisher={ACM New York, NY, USA}
}

@inproceedings{fursin2002evaluating,
  title={Evaluating iterative compilation},
  author={Fursin, GG and O’Boyle, Michael FP and Knijnenburg, Peter MW},
  booktitle={International Workshop on Languages and Compilers for Parallel Computing},
  pages={362--376},
  year={2002},
  organization={Springer}
}

@inproceedings{kisuki2000iterative,
  title={Iterative compilation in program optimization},
  author={Kisuki, Toru and Knijnenburg, P and O’Boyle, M and Wijshoff, H},
  booktitle={Proc. CPC’10 (Compilers for Parallel Computers)},
  pages={35--44},
  year={2000},
  organization={Citeseer}
}

@inproceedings{kisuki2000combined,
  title={Combined selection of tile sizes and unroll factors using iterative compilation},
  author={Kisuki, Toru and Knijnenburg, Peter MW and O'Boyle, Michael FP},
  booktitle={Proceedings 2000 International Conference on Parallel Architectures and Compilation Techniques (Cat. No. PR00622)},
  pages={237--246},
  year={2000},
  organization={IEEE}
}

@inproceedings{pouchet2007iterative,
  title={Iterative optimization in the polyhedral model: Part I, one-dimensional time},
  author={Pouchet, Louis-No{\"e}l and Bastoul, C{\'e}dric and Cohen, Albert and Vasilache, Nicolas},
  booktitle={International Symposium on Code Generation and Optimization (CGO'07)},
  pages={144--156},
  year={2007},
  organization={IEEE}
}

@inproceedings{chen2018tvm,
  title={$\{$TVM$\}$: An Automated $\{$End-to-End$\}$ Optimizing Compiler for Deep Learning},
  author={Chen, Tianqi and Moreau, Thierry and Jiang, Ziheng and Zheng, Lianmin and Yan, Eddie and Shen, Haichen and Cowan, Meghan and Wang, Leyuan and Hu, Yuwei and Ceze, Luis and others},
  booktitle={13th USENIX Symposium on Operating Systems Design and Implementation (OSDI 18)},
  pages={578--594},
  year={2018}
}

@article{ansel2009petabricks,
  title={Petabricks: A language and compiler for algorithmic choice},
  author={Ansel, Jason and Chan, Cy and Wong, Yee Lok and Olszewski, Marek and Zhao, Qin and Edelman, Alan and Amarasinghe, Saman},
  journal={ACM Sigplan Notices},
  volume={44},
  number={6},
  pages={38--49},
  year={2009},
  publisher={ACM New York, NY, USA}
}

@article{fursin2011milepost,
  title={Milepost gcc: Machine learning enabled self-tuning compiler},
  author={Fursin, Grigori and Kashnikov, Yuriy and Memon, Abdul Wahid and Chamski, Zbigniew and Temam, Olivier and Namolaru, Mircea and Yom-Tov, Elad and Mendelson, Bilha and Zaks, Ayal and Courtois, Eric and others},
  journal={International journal of parallel programming},
  volume={39},
  number={3},
  pages={296--327},
  year={2011},
  publisher={Springer}
}

@inproceedings{triantafyllis2003compiler,
  title={Compiler optimization-space exploration},
  author={Triantafyllis, Spyridon and Vachharajani, Manish and Vachharajani, Neil and August, David I},
  booktitle={International Symposium on Code Generation and Optimization, 2003. CGO 2003.},
  pages={204--215},
  year={2003},
  organization={IEEE}
}

@inproceedings{chabbi2011efficiently,
  title={Efficiently exploring compiler optimization sequences with pairwise pruning},
  author={Chabbi, Milind M and Mellor-Crummey, John M and Cooper, Keith D},
  booktitle={Proceedings of the 1st International Workshop on Adaptive Self-Tuning Computing Systems for the Exaflop Era},
  pages={34--45},
  year={2011}
}

@article{zhao2002vista,
  title={Vista: a system for interactive code improvement},
  author={Zhao, Wankang and Cai, Baosheng and Whalley, David and Bailey, Mark W and Van Engelen, Robert and Yuan, Xin and Hiser, Jason D and Davidson, Jack W and Gallivan, Kyle and Jones, Douglas L},
  journal={ACM SIGPLAN Notices},
  volume={37},
  number={7},
  pages={155--164},
  year={2002},
  publisher={ACM New York, NY, USA}
}

@article{ferrante1987program,
  title={The program dependence graph and its use in optimization},
  author={Ferrante, Jeanne and Ottenstein, Karl J and Warren, Joe D},
  journal={ACM Transactions on Programming Languages and Systems (TOPLAS)},
  volume={9},
  number={3},
  pages={319--349},
  year={1987},
  publisher={ACM New York, NY, USA}
}

@article{allen1970control,
  title={Control flow analysis},
  author={Allen, Frances E},
  journal={ACM Sigplan Notices},
  volume={5},
  number={7},
  pages={1--19},
  year={1970},
  publisher={ACM New York, NY, USA}
}

@inproceedings{park2012using,
  title={Using graph-based program characterization for predictive modeling},
  author={Park, Eunjung and Cavazos, John and Alvarez, Marco A},
  booktitle={Proceedings of the Tenth International Symposium on Code Generation and Optimization},
  pages={196--206},
  year={2012}
}

@article{mahlke1992effective,
  title={Effective compiler support for predicated execution using the hyperblock},
  author={Mahlke, Scott A and Lin, David C and Chen, William Y and Hank, Richard E and Bringmann, Roger A},
  journal={ACM SIGMICRO Newsletter},
  volume={23},
  number={1-2},
  pages={45--54},
  year={1992},
  publisher={ACM New York, NY, USA}
}

@inproceedings{cavazos2007rapidly,
  title={Rapidly selecting good compiler optimizations using performance counters},
  author={Cavazos, John and Fursin, Grigori and Agakov, Felix and Bonilla, Edwin and O'Boyle, Michael FP and Temam, Olivier},
  booktitle={International Symposium on Code Generation and Optimization (CGO'07)},
  pages={185--197},
  year={2007},
  organization={IEEE}
}

@article{luk2005pin,
  title={Pin: building customized program analysis tools with dynamic instrumentation},
  author={Luk, Chi-Keung and Cohn, Robert and Muth, Robert and Patil, Harish and Klauser, Artur and Lowney, Geoff and Wallace, Steven and Reddi, Vijay Janapa and Hazelwood, Kim},
  journal={Acm sigplan notices},
  volume={40},
  number={6},
  pages={190--200},
  year={2005},
  publisher={ACM New York, NY, USA}
}

@article{hoste2007microarchitecture,
  title={Microarchitecture-independent workload characterization},
  author={Hoste, Kenneth and Eeckhout, Lieven},
  journal={IEEE micro},
  volume={27},
  number={3},
  pages={63--72},
  year={2007},
  publisher={IEEE}
}

@article{ashouri2016cobayn,
  title={Cobayn: Compiler autotuning framework using bayesian networks},
  author={Ashouri, Amir Hossein and Mariani, Giovanni and Palermo, Gianluca and Park, Eunjung and Cavazos, John and Silvano, Cristina},
  journal={ACM Transactions on Architecture and Code Optimization (TACO)},
  volume={13},
  number={2},
  pages={1--25},
  year={2016},
  publisher={ACM New York, NY, USA}
}

@article{ding2015autotuning,
  title={Autotuning algorithmic choice for input sensitivity},
  author={Ding, Yufei and Ansel, Jason and Veeramachaneni, Kalyan and Shen, Xipeng and O’Reilly, Una-May and Amarasinghe, Saman},
  journal={ACM SIGPLAN Notices},
  volume={50},
  number={6},
  pages={379--390},
  year={2015},
  publisher={ACM New York, NY, USA}
}

@inproceedings{cosenza2017stencil,
  title={Stencil Autotuning with Ordinal Regression},
  author={Cosenza, Biagio and Durillo, Juan J and Ermon, Stefano and Juurlink, Ben},
  booktitle={Proceedings of the 20th International Workshop on Software and Compilers for Embedded Systems},
  pages={72--75},
  year={2017}
}

@inproceedings{martins2014exploration,
  title={Exploration of compiler optimization sequences using clustering-based selection},
  author={Martins, Luiz GA and Nobre, Ricardo and Delbem, Alexandre CB and Marques, Eduardo and Cardoso, Jo{\~a}o MP},
  booktitle={Proceedings of the 2014 SIGPLAN/SIGBED conference on Languages, compilers and tools for embedded systems},
  pages={63--72},
  year={2014}
}

@inproceedings{kulkarni2012mitigating,
  title={Mitigating the compiler optimization phase-ordering problem using machine learning},
  author={Kulkarni, Sameer and Cavazos, John},
  booktitle={Proceedings of the ACM international conference on Object oriented programming systems languages and applications},
  pages={147--162},
  year={2012}
}

@inproceedings{jinwei2021,
  title={A configurable parallel iterative tuning framework},
  author={Jinwei Zhao, Qi Zhu, Wei Wu and Hongmei Wei},
  booktitle={The 14th International Conference on Advanced Computer Theory and Engineering},
  publisher={In press},
  year={2021}
}








@article{bib1,
  author		= "Campbell, S. L. and Gear, C. W.",
  title			= "The index of general nonlinear {D}{A}{E}{S}",
  journal		= "Numer. {M}ath.",
  volume		= "72",
  number		= "2",
  pages			= "173--196",
  year			= "1995"
}

%% Journal article with DOI
@article{bib2,
  author		= "Slifka, M. K. and Whitton, J. L.",
  title			= "Clinical implications of dysregulated cytokine production",
  journal		= "J. {M}ol. {M}ed.",
  volume		= "78",
  pages			= "74--80",
  year			= "2000",
  doi			= "10.1007/s001090000086"
}

%% Journal article
@article{bib3,
  author		= "Hamburger, C.",
  title			= "Quasimonotonicity, regularity and duality for nonlinear systems of 
					partial differential equations",
  journal		= "Ann. Mat. Pura. Appl.",
  volume		= "169",
  number		= "2",
  pages			= "321--354",
  year			= "1995"
}

%% book, authored
@book{bib4,
  author		= "Geddes, K. O. and Czapor, S. R. and Labahn, G.",
  title			= "Algorithms for {C}omputer {A}lgebra",
  address		= "Boston",
  publisher		= "Kluwer",
  year			= "1992"
}

%% Item 8. Book, chapter
@incollection{bib5,
  author		= "Broy, M.",
  title			= "Software engineering---from auxiliary to key technologies",
  editor		= "Broy, M. and Denert, E.",
  booktitle		= "Software Pioneers",
  pages			= "10--13",
  address		= "New {Y}ork",
  publisher		= "Springer",
  year			= "1992"
}

%% Book, edited
@book{bib6,
  editor		= "Seymour, R. S.",
  title			= "Conductive {P}olymers",
  address		= "New {Y}ork",
  publisher		= "Plenum",
  year			= "1981"
}

%% Chapter in a book in a series with volume titles
@inproceedings{bib7,
  author		= "Smith, S. E.",
  title			= "Neuromuscular blocking drugs in man",
  editor		= "Zaimis, E.",
  volume		= "42",
  booktitle		= "Neuromuscular junction. {H}andbook of experimental pharmacology",
  pages			= "593--660",
  address		= "Heidelberg",
  publisher		= "Springer",
  year			= "1976"
}

%% Paper presented at a conference
@misc{bib8,
  author		= "Chung, S. T. and Morris, R. L.",
  title			= "Isolation and characterization of plasmid deoxyribonucleic acid from 
					Streptomyces fradiae",
  year			= "1978",
  note			= "Paper presented at the 3rd international symposium on the genetics 
					of industrial microorganisms, University of {W}isconsin, {M}adison, 
					4--9 June 1978"
}

%% Data citation example
@misc{bib9,
  author		= "Hao, Z. and AghaKouchak, A. and Nakhjiri, N. and Farahmand, A.",
  title			= "Global integrated drought monitoring and prediction system (GIDMaPS) data sets", 
  year			= "2014",
  note			= "figshare \url{https://doi.org/10.6084/m9.figshare.853801}"
}

%% Preprint citation example
@misc{bib10, 
  author		= "Babichev, S. A. and Ries, J. and Lvovsky, A. I.",
  title			= "Quantum scissors: teleportation of single-mode optical states by means 
					of a nonlocal single photon", 
  year			= "2002",
  note			= "Preprint at \url{https://arxiv.org/abs/quant-ph/0208066v1}"
}

@article{bib11,
  author		= "Beneke, M. and Buchalla, G. and Dunietz, I.",
  title			= "Mixing induced {CP} asymmetries in inclusive {B} decays",
  journal		= "Phys. {L}ett.",
  volume		= "B393",
  year			= "1997",
  pages			= "132-142",
  archivePrefix		= "arXiv",
  eprint		= "0707.3168",
  primaryClass		= "gr-gc"
}

@softmisc{bib12,
  author		= "Stahl, B.",
  title			= "deep{SIP}: deep learning of {S}upernova {I}a {P}arameters",
  version		= "0.42",
  keywords		= "Software",
  howpublished		= "Astrophysics {S}ource {C}ode {L}ibrary",
  year			= "2020",
  month			= "Jun",
  eid			= "ascl:2006.023",
  pages			= "ascl:2006.023",
  archivePrefix		= "ascl",
  eprint		= "2006.023",
  adsurl		= "{https://ui.adsabs.harvard.edu/abs/2020ascl.soft06023S}",
  adsnote		= "Provided by the SAO/NASA Astrophysics Data System"
}

%%============================================================================%%
%% while using chicago reference style, both abbreviated and expanded form of %%
%% author name format is acceptable. Refer below example for expanded form    %%
%%============================================================================%%

%%  author		= "{Cameron, Deborah}", - single author
%%  author		= "{Saito, Yukio} and {Hyuga, Hiroyuki}", - double author 

%%======================================%%
%% Example for author names with suffix %%
%%======================================%%

%%  author		= "{Price, R. A. Jr} and {Curry, N. {III}} and McCann, K. E. and 
%%					Fielding, J. L. and {Abercrombie, E. Jr}",
